@Manual{codd93,
  title = {Providing OLAP to User-Analysts:
An IT Mandate},
  author = {{E.F. Codd, et al.}},
  year = {1998},
  url = {https://bit.ly/2Okyz2H},
}
@Manual{R-dbplyr,
  title = {dbplyr: A 'dplyr' Back End for Databases},
  author = {Hadley Wickham, Edgar Ruiz, RStudio},
  year = {2019},
  note = {R package version 1.3.0},
  url = {https://CRAN.R-project.org/package=dbplyr},
}