
@article{codd93,
  title = {Providing OLAP to User-Analysts:
An IT Mandate},
  author = {{E.F. Codd, et al.}},
  year = {1998},
  url = {https://bit.ly/2Okyz2H},
}